<record><leader>01645cam a2200433 i 4500</leader><controlfield tag="001">6803070</controlfield><controlfield tag="003">OCoLC</controlfield><controlfield tag="005">20150116114601.0</controlfield><controlfield tag="008">140522s2015    onca   j b    001 0 eng c</controlfield><datafield ind1=" " ind2=" " tag="010"><subfield code="a">  2014020112</subfield></datafield><datafield ind1=" " ind2=" " tag="020"><subfield code="a">9780778714385</subfield><subfield code="q">reinforced library binding</subfield></datafield><datafield ind1=" " ind2=" " tag="020"><subfield code="a">0778714381</subfield><subfield code="q">reinforced library binding</subfield></datafield><datafield ind1=" " ind2=" " tag="020"><subfield code="a">9780778714545</subfield><subfield code="q">paperback</subfield></datafield><datafield ind1=" " ind2=" " tag="020"><subfield code="a">0778714543</subfield><subfield code="q">paperback</subfield></datafield><datafield ind1=" " ind2=" " tag="020"><subfield code="z">9781427115775 (electronic pdf)</subfield></datafield><datafield ind1=" " ind2=" " tag="020"><subfield code="z">9781427115737 (electronic html)</subfield></datafield><datafield ind1=" " ind2=" " tag="035"><subfield code="a">ocn880672228</subfield></datafield><datafield ind1=" " ind2=" " tag="040"><subfield code="a">NJQ/DLC</subfield><subfield code="b">eng</subfield><subfield code="e">rda</subfield><subfield code="c">ZQP</subfield><subfield code="d">DLC</subfield><subfield code="d">OCLCO</subfield><subfield code="d">BTCTA</subfield><subfield code="d">OCLCF</subfield><subfield code="d">TI2</subfield><subfield code="d">UAB</subfield><subfield code="d">AEU</subfield></datafield><datafield ind1=" " ind2=" " tag="042"><subfield code="a">pcc</subfield></datafield><datafield ind1="0" ind2="0" tag="050"><subfield code="a">QL756</subfield><subfield code="b">.T396 2015</subfield></datafield><datafield ind1="0" ind2="4" tag="082"><subfield code="a">591.56/4</subfield><subfield code="2">23</subfield></datafield><datafield ind1=" " ind2=" " tag="090"><subfield code="a">QL 756 T396 2015</subfield><subfield code="b">AEU</subfield></datafield><datafield ind1="1" ind2=" " tag="100"><subfield code="a">Taylor, Saranne,</subfield><subfield code="e">author.</subfield></datafield><datafield ind1="1" ind2="0" tag="245"><subfield code="a">Animal homes /</subfield><subfield code="c">by Saranne Taylor ; illustrated by Moreno Chiacchiera and Michelle Todd.</subfield></datafield><datafield ind1=" " ind2="1" tag="264"><subfield code="a">St. Catharines, ON ;</subfield><subfield code="a">New York, NY :</subfield><subfield code="b">Crabtree Publishing Company,</subfield><subfield code="c">2015.</subfield></datafield><datafield ind1=" " ind2=" " tag="300"><subfield code="a">32 pages :</subfield><subfield code="b">illustrations (chiefly color) ;</subfield><subfield code="c">26 cm.</subfield></datafield><datafield ind1=" " ind2=" " tag="336"><subfield code="a">text</subfield><subfield code="2">rdacontent</subfield></datafield><datafield ind1=" " ind2=" " tag="337"><subfield code="a">unmediated</subfield><subfield code="2">rdamedia</subfield></datafield><datafield ind1=" " ind2=" " tag="338"><subfield code="a">volume</subfield><subfield code="2">rdacarrier</subfield></datafield><datafield ind1="1" ind2=" " tag="490"><subfield code="a">Young architect</subfield></datafield><datafield ind1=" " ind2=" " tag="504"><subfield code="a">Includes bibliographical references (page 31) and index.</subfield></datafield><datafield ind1=" " ind2=" " tag="596"><subfield code="a">41</subfield></datafield><datafield ind1=" " ind2="0" tag="650"><subfield code="a">Animals</subfield><subfield code="x">Habitations</subfield><subfield code="v">Juvenile literature.</subfield></datafield><datafield ind1=" " ind2="0" tag="650"><subfield code="a">Animal behavior</subfield><subfield code="v">Juvenile literature.</subfield></datafield><datafield ind1="1" ind2=" " tag="700"><subfield code="a">Chiacchiera, Moreno,</subfield><subfield code="e">illustrator.</subfield></datafield><datafield ind1="1" ind2=" " tag="700"><subfield code="a">Todd, Michelle,</subfield><subfield code="d">1978-</subfield><subfield code="e">illustrator.</subfield></datafield><datafield ind1=" " ind2="0" tag="830"><subfield code="a">Young architect.</subfield></datafield><datafield ind1=" " ind2=" " tag="949"><subfield code="a">QL 756 T396 2015</subfield><subfield code="c">1</subfield><subfield code="h">UAED-CU-B</subfield><subfield code="i">0162035233665</subfield></datafield><datafield ind1=" " ind2=" " tag="926"><subfield code="a">QL 756 T396 2015</subfield><subfield code="w">LC</subfield><subfield code="c">1</subfield><subfield code="i">0162035233665</subfield><subfield code="l">CURRICULUM</subfield><subfield code="m">UAEDUC</subfield><subfield code="p">$150.00</subfield><subfield code="r">Y</subfield><subfield code="s">Y</subfield><subfield code="t">BOOK</subfield><subfield code="u">2/11/2015</subfield></datafield></record>